<?xml version='1.0' encoding='utf-8'?>
<record xmlns="http://www.loc.gov/MARC21/slim" xmlns:xsi="http://www.w3.org/2001/XMLSchema-instance">
  <leader>^^^^^nas^a2200337^a^4500</leader>
  <controlfield tag="001">003577549</controlfield>
  <controlfield tag="005">20020116000000.0</controlfield>
  <controlfield tag="008">020116d18871930maumr^p^^^^^^^0^^^^0eng^d</controlfield>
  <datafield tag="010" ind1=" " ind2=" ">
    <subfield code="a">47034560</subfield>
    <subfield code="z">ca 06001262</subfield>
    <subfield code="z">sn 97048170</subfield>
  </datafield>
  <datafield tag="035" ind1=" " ind2=" ">
    <subfield code="a">(OCoLC)ocm01758484</subfield>
  </datafield>
  <datafield tag="040" ind1=" " ind2=" ">
    <subfield code="a">MUL</subfield>
    <subfield code="c">MUL</subfield>
    <subfield code="d">NYG</subfield>
    <subfield code="d">DLC</subfield>
    <subfield code="d">WAU</subfield>
    <subfield code="d">DLC</subfield>
    <subfield code="d">OCL</subfield>
    <subfield code="d">BEU</subfield>
  </datafield>
  <datafield tag="042" ind1=" " ind2=" ">
    <subfield code="a">lcd</subfield>
    <subfield code="a">premarc</subfield>
  </datafield>
  <datafield tag="050" ind1="0" ind2="0">
    <subfield code="a">TT770</subfield>
    <subfield code="b">.A2</subfield>
  </datafield>
  <datafield tag="245" ind1="0" ind2="4">
    <subfield code="a">The Modern Priscilla.</subfield>
  </datafield>
  <datafield tag="260" ind1=" " ind2=" ">
    <subfield code="a">Boston, Mass. :</subfield>
    <subfield code="b">The Priscilla Publishing Co.,</subfield>
  </datafield>
  <datafield tag="300" ind1=" " ind2=" ">
    <subfield code="a">v. :</subfield>
    <subfield code="b">ill. ;</subfield>
    <subfield code="c">35 cm.</subfield>
  </datafield>
  <datafield tag="310" ind1=" " ind2=" ">
    <subfield code="a">Monthly</subfield>
  </datafield>
  <datafield tag="362" ind1="1" ind2=" ">
    <subfield code="a">Began with vol. 1 in 1887 and ceased with vol. 44, no. 5 (July 1930).</subfield>
  </datafield>
  <datafield tag="500" ind1=" " ind2=" ">
    <subfield code="a">Description based on: Vol. 21, no. 5 (July 1907); title from cover.</subfield>
  </datafield>
  <datafield tag="580" ind1=" " ind2=" ">
    <subfield code="a">Absorbed Everyday housekeeping in Mar. 1912, and Home needlework magazine in May 1917.</subfield>
  </datafield>
  <datafield tag="500" ind1=" " ind2=" ">
    <subfield code="a">Della T. Lutes, housekeeping editor--&lt;1924-1930&gt;</subfield>
  </datafield>
  <datafield tag="650" ind1=" " ind2="0">
    <subfield code="a">Lace and lace making</subfield>
    <subfield code="v">Periodicals.</subfield>
  </datafield>
  <datafield tag="650" ind1=" " ind2="0">
    <subfield code="a">Needlework</subfield>
    <subfield code="v">Periodicals.</subfield>
  </datafield>
  <datafield tag="650" ind1=" " ind2="0">
    <subfield code="a">Embroidery</subfield>
    <subfield code="v">Periodicals.</subfield>
  </datafield>
  <datafield tag="650" ind1=" " ind2="0">
    <subfield code="a">Home economics</subfield>
    <subfield code="v">Periodicals.</subfield>
  </datafield>
  <datafield tag="700" ind1="1" ind2=" ">
    <subfield code="a">Lutes, Della T.</subfield>
    <subfield code="q">(Della Thompson),</subfield>
    <subfield code="d">1872-</subfield>
  </datafield>
  <datafield tag="780" ind1="1" ind2="5">
    <subfield code="t">Everyday housekeeping</subfield>
    <subfield code="g">Mar. 1912</subfield>
    <subfield code="w">(OCoLC)9095840</subfield>
  </datafield>
  <datafield tag="780" ind1="1" ind2="5">
    <subfield code="t">Home needlework magazine</subfield>
    <subfield code="g">May 1917</subfield>
    <subfield code="w">(DLC) 08037001</subfield>
    <subfield code="w">(OCoLC)9398894</subfield>
  </datafield>
  <datafield tag="852" ind1="8" ind2=" ">
    <subfield code="a">MiU-H</subfield>
    <subfield code="b">BENT</subfield>
    <subfield code="h">023 Aa 2</subfield>
  </datafield>
  <datafield tag="998" ind1=" " ind2=" ">
    <subfield code="c">LAC</subfield>
  </datafield>
  <datafield tag="955" ind1=" " ind2=" ">
    <subfield code="b">BENT</subfield>
    <subfield code="p">B1438799</subfield>
  </datafield>
</record>
